01REMESSA01COBRANCA       00000000000         XXXXXXXXXXXXXXXXXXXXXXXXXXXXXX104C ECON FEDERAL 290721                                                                                                                                                                                                                                                                                                 00000000001
1020000000000000000000000002000XXXXXXXXXXXXXXXXXXXXXXXXX14XXXXXXXXXXXXXXX   00000000                      0101XXXXXXXXXX100821XXXXXXXXXXXXX1040000001N28072102000000000000000000000XXXXXXXXXXXXXXXXXXXXXXXXXX000000000000001XXXXXXXXXXXXXXXXXXXXXXXXXXXXXXXXXXXXXXXXXXXXXXXXXXXXXXXXXXXXXXXXXXXXXXXXXXXXXXXXXXXXXXXXXXXXXXXXXXXXXXXXXX00000000XXXXXXXXXXXXXXXMG0000000000000000                      00181000000
9                                                                                                                                                                                                                                                                                                                                                                                                         000000